


@ARTICLE{berg13,
   author = {{Berg}, D.~A. and {Skillman}, E.~D. and {Garnett}, D.~R. and 
	{Croxall}, K.~V. and {Marble}, A.~R. and {Smith}, J.~D. and 
	{Gordon}, K. and {Kennicutt}, Jr., R.~C.},
    title = "{New Radial Abundance Gradients for NGC 628 and NGC 2403}",
  journal = {\apj},
archivePrefix = "arXiv",
   eprint = {1309.0584},
 primaryClass = "astro-ph.CO",
 keywords = {galaxies: abundances, galaxies: evolution, galaxies: individual: NGC 628 NGC 2403, galaxies: spiral},
     year = 2013,
    month = oct,
   volume = 775,
      eid = {128},
    pages = {128},
      doi = {10.1088/0004-637X/775/2/128},
   adsurl = {http://adsabs.harvard.edu/abs/2013ApJ...775..128B},
  adsnote = {Provided by the SAO/NASA Astrophysics Data System}
}

@ARTICLE{cappellari06,
   author = {{Cappellari}, M. and {Bacon}, R. and {Bureau}, M. and {Damen}, M.~C. and 
	{Davies}, R.~L. and {de Zeeuw}, P.~T. and {Emsellem}, E. and 
	{Falc{\'o}n-Barroso}, J. and {Krajnovi{\'c}}, D. and {Kuntschner}, H. and 
	{McDermid}, R.~M. and {Peletier}, R.~F. and {Sarzi}, M. and 
	{van den Bosch}, R.~C.~E. and {van de Ven}, G.},
    title = "{The SAURON project - IV. The mass-to-light ratio, the virial mass estimator and the Fundamental Plane of elliptical and lenticular galaxies}",
  journal = {\mnras},
   eprint = {astro-ph/0505042},
 keywords = {galaxies: elliptical and lenticular, cD, galaxies: evolution, galaxies: formation, galaxies: kinematics and dynamics, galaxies: structure},
     year = 2006,
    month = mar,
   volume = 366,
    pages = {1126-1150},
      doi = {10.1111/j.1365-2966.2005.09981.x},
   adsurl = {http://adsabs.harvard.edu/abs/2006MNRAS.366.1126C},
  adsnote = {Provided by the SAO/NASA Astrophysics Data System}
}


@ARTICLE{conroy12,
   author = {{Conroy}, C. and {van Dokkum}, P.~G.},
    title = "{The Stellar Initial Mass Function in Early-type Galaxies From Absorption Line Spectroscopy. II. Results}",
  journal = {\apj},
archivePrefix = "arXiv",
   eprint = {1205.6473},
 primaryClass = "astro-ph.CO",
 keywords = {galaxies: abundances, galaxies: elliptical and lenticular, cD, galaxies: stellar content},
     year = 2012,
    month = nov,
   volume = 760,
      eid = {71},
    pages = {71},
      doi = {10.1088/0004-637X/760/1/71},
   adsurl = {http://adsabs.harvard.edu/abs/2012ApJ...760...71C},
  adsnote = {Provided by the SAO/NASA Astrophysics Data System}
}

@ARTICLE{dicintio14,
   author = {{Di Cintio}, A. and {Brook}, C.~B. and {Macci{\`o}}, A.~V. and 
	{Stinson}, G.~S. and {Knebe}, A. and {Dutton}, A.~A. and {Wadsley}, J.
	},
    title = "{The dependence of dark matter profiles on the stellar-to-halo mass ratio: a prediction for cusps versus cores}",
  journal = {\mnras},
archivePrefix = "arXiv",
   eprint = {1306.0898},
 primaryClass = "astro-ph.CO",
 keywords = {hydrodynamics, galaxies: evolution, galaxies: formation, dark matter},
     year = 2014,
    month = jan,
   volume = 437,
    pages = {415-423},
      doi = {10.1093/mnras/stt1891},
   adsurl = {http://adsabs.harvard.edu/abs/2014MNRAS.437..415D},
  adsnote = {Provided by the SAO/NASA Astrophysics Data System}
}

@ARTICLE{dicintio14b,
   author = {{Di Cintio}, A. and {Brook}, C.~B. and {Dutton}, A.~A. and {Macci{\`o}}, A.~V. and 
	{Stinson}, G.~S. and {Knebe}, A.},
    title = "{A mass-dependent density profile for dark matter haloes including the influence of galaxy formation}",
  journal = {ArXiv e-prints},
archivePrefix = "arXiv",
   eprint = {1404.5959},
 keywords = {Astrophysics - Cosmology and Nongalactic Astrophysics, Astrophysics - Astrophysics of Galaxies},
     year = 2014,
    month = apr,
   adsurl = {http://adsabs.harvard.edu/abs/2014arXiv1404.5959D},
  adsnote = {Provided by the SAO/NASA Astrophysics Data System}
}

@ARTICLE{dutton10,
   author = {{Dutton}, A.~A. and {Conroy}, C. and {van den Bosch}, F.~C. and 
	{Prada}, F. and {More}, S.},
    title = "{The kinematic connection between galaxies and dark matter haloes}",
  journal = {\mnras},
archivePrefix = "arXiv",
   eprint = {1004.4626},
 primaryClass = "astro-ph.CO",
 keywords = {galaxies: elliptical and lenticular, cD, galaxies: fundamental parameters, galaxies: haloes, galaxies: kinematics and dynamics, galaxies: spiral},
     year = 2010,
    month = sep,
   volume = 407,
    pages = {2-16},
      doi = {10.1111/j.1365-2966.2010.16911.x},
   adsurl = {http://adsabs.harvard.edu/abs/2010MNRAS.407....2D},
  adsnote = {Provided by the SAO/NASA Astrophysics Data System}
}


@ARTICLE{fu13,
   author = {{Fu}, J. and {Kauffmann}, G. and {Huang}, M.-l. and {Yates}, R.~M. and 
	{Moran}, S. and {Heckman}, T.~M. and {Dav{\'e}}, R. and {Guo}, Q. and 
	{Henriques}, B.~M.~B.},
    title = "{Star formation and metallicity gradients in semi-analytic models of disc galaxy formation}",
  journal = {\mnras},
archivePrefix = "arXiv",
   eprint = {1303.5586},
 primaryClass = "astro-ph.CO",
 keywords = {stars: formation, ISM: atoms, ISM: molecules, galaxies: evolution, galaxies: formation, galaxies: ISM},
     year = 2013,
    month = sep,
   volume = 434,
    pages = {1531-1548},
      doi = {10.1093/mnras/stt1117},
   adsurl = {http://adsabs.harvard.edu/abs/2013MNRAS.434.1531F},
  adsnote = {Provided by the SAO/NASA Astrophysics Data System}
}


@ARTICLE{haynes11,
   author = {{Haynes}, M.~P. and {Giovanelli}, R. and {Martin}, A.~M. and 
	{Hess}, K.~M. and {Saintonge}, A. and {Adams}, E.~A.~K. and 
	{Hallenbeck}, G. and {Hoffman}, G.~L. and {Huang}, S. and {Kent}, B.~R. and 
	{Koopmann}, R.~A. and {Papastergis}, E. and {Stierwalt}, S. and 
	{Balonek}, T.~J. and {Craig}, D.~W. and {Higdon}, S.~J.~U. and 
	{Kornreich}, D.~A. and {Miller}, J.~R. and {O'Donoghue}, A.~A. and 
	{Olowin}, R.~P. and {Rosenberg}, J.~L. and {Spekkens}, K. and 
	{Troischt}, P. and {Wilcots}, E.~M.},
    title = "{The Arecibo Legacy Fast ALFA Survey: The {$\alpha$}.40 H I Source Catalog, Its Characteristics and Their Impact on the Derivation of the H I Mass Function}",
  journal = {\aj},
archivePrefix = "arXiv",
   eprint = {1109.0027},
 primaryClass = "astro-ph.CO",
 keywords = {catalogs, galaxies: distances and redshifts, galaxies: luminosity function, mass function, galaxies: spiral, radio lines: galaxies, surveys},
     year = 2011,
    month = nov,
   volume = 142,
      eid = {170},
    pages = {170},
      doi = {10.1088/0004-6256/142/5/170},
   adsurl = {http://adsabs.harvard.edu/abs/2011AJ....142..170H},
  adsnote = {Provided by the SAO/NASA Astrophysics Data System}
}

@ARTICLE{martel13,
   author = {{Martel}, H. and {Kawata}, D. and {Ellison}, S.~L.},
    title = "{The connection between star formation and metallicity evolution in barred spiral galaxies}",
  journal = {\mnras},
archivePrefix = "arXiv",
   eprint = {1302.6211},
 primaryClass = "astro-ph.CO",
 keywords = {ISM: abundances, galaxies: evolution, galaxies: spiral, stars: formation},
     year = 2013,
    month = may,
   volume = 431,
    pages = {2560-2575},
      doi = {10.1093/mnras/stt354},
   adsurl = {http://adsabs.harvard.edu/abs/2013MNRAS.431.2560M},
  adsnote = {Provided by the SAO/NASA Astrophysics Data System}
}


@ARTICLE{mott13,
   author = {{Mott}, A. and {Spitoni}, E. and {Matteucci}, F.},
    title = "{Abundance gradients in spiral discs: is the gradient inversion at high redshift real?}",
  journal = {\mnras},
archivePrefix = "arXiv",
   eprint = {1308.1549},
 primaryClass = "astro-ph.GA",
 keywords = {Galaxy: evolution},
     year = 2013,
    month = nov,
   volume = 435,
    pages = {2918-2930},
      doi = {10.1093/mnras/stt1495},
   adsurl = {http://adsabs.harvard.edu/abs/2013MNRAS.435.2918M},
  adsnote = {Provided by the SAO/NASA Astrophysics Data System}
}


@ARTICLE{portinari10,
   author = {{Portinari}, L. and {Salucci}, P.},
    title = "{The structure of spiral galaxies: radial profiles in stellar mass-to-light ratio and the dark matter distribution}",
  journal = {\aap},
archivePrefix = "arXiv",
   eprint = {0904.4098},
 primaryClass = "astro-ph.CO",
 keywords = {galaxies: evolution, galaxies: spiral, dark matter},
     year = 2010,
    month = oct,
   volume = 521,
      eid = {A82},
    pages = {A82},
      doi = {10.1051/0004-6361/200811444},
   adsurl = {http://adsabs.harvard.edu/abs/2010A%26A...521A..82P},
  adsnote = {Provided by the SAO/NASA Astrophysics Data System}
}

@ARTICLE{sanchez12,
   author = {{S{\'a}nchez}, S.~F. and {Kennicutt}, R.~C. and {Gil de Paz}, A. and 
	{van de Ven}, G. and {V{\'{\i}}lchez}, J.~M. and {Wisotzki}, L. and 
	{Walcher}, C.~J. and {Mast}, D. and {Aguerri}, J.~A.~L. and 
	{Albiol-P{\'e}rez}, S. and {Alonso-Herrero}, A. and {Alves}, J. and 
	{Bakos}, J. and {Bart{\'a}kov{\'a}}, T. and {Bland-Hawthorn}, J. and 
	{Boselli}, A. and {Bomans}, D.~J. and {Castillo-Morales}, A. and 
	{Cortijo-Ferrero}, C. and {de Lorenzo-C{\'a}ceres}, A. and {Del Olmo}, A. and 
	{Dettmar}, R.-J. and {D{\'{\i}}az}, A. and {Ellis}, S. and {Falc{\'o}n-Barroso}, J. and 
	{Flores}, H. and {Gallazzi}, A. and {Garc{\'{\i}}a-Lorenzo}, B. and 
	{Gonz{\'a}lez Delgado}, R. and {Gruel}, N. and {Haines}, T. and 
	{Hao}, C. and {Husemann}, B. and {Igl{\'e}sias-P{\'a}ramo}, J. and 
	{Jahnke}, K. and {Johnson}, B. and {Jungwiert}, B. and {Kalinova}, V. and 
	{Kehrig}, C. and {Kupko}, D. and {L{\'o}pez-S{\'a}nchez}, {\'A}.~R. and 
	{Lyubenova}, M. and {Marino}, R.~A. and {M{\'a}rmol-Queralt{\'o}}, E. and 
	{M{\'a}rquez}, I. and {Masegosa}, J. and {Meidt}, S. and {Mendez-Abreu}, J. and 
	{Monreal-Ibero}, A. and {Montijo}, C. and {Mour{\~a}o}, A.~M. and 
	{Palacios-Navarro}, G. and {Papaderos}, P. and {Pasquali}, A. and 
	{Peletier}, R. and {P{\'e}rez}, E. and {P{\'e}rez}, I. and {Quirrenbach}, A. and 
	{Rela{\~n}o}, M. and {Rosales-Ortega}, F.~F. and {Roth}, M.~M. and 
	{Ruiz-Lara}, T. and {S{\'a}nchez-Bl{\'a}zquez}, P. and {Sengupta}, C. and 
	{Singh}, R. and {Stanishev}, V. and {Trager}, S.~C. and {Vazdekis}, A. and 
	{Viironen}, K. and {Wild}, V. and {Zibetti}, S. and {Ziegler}, B.
	},
    title = "{CALIFA, the Calar Alto Legacy Integral Field Area survey. I. Survey presentation}",
  journal = {\aap},
archivePrefix = "arXiv",
   eprint = {1111.0962},
 primaryClass = "astro-ph.CO",
 keywords = {techniques: spectroscopic, galaxies: active, galaxies: evolution, surveys, galaxies: ISM, galaxies: stellar content},
     year = 2012,
    month = feb,
   volume = 538,
      eid = {A8},
    pages = {A8},
      doi = {10.1051/0004-6361/201117353},
   adsurl = {http://adsabs.harvard.edu/abs/2012A%26A...538A...8S},
  adsnote = {Provided by the SAO/NASA Astrophysics Data System}
}

@INPROCEEDINGS{spavone10,
   author = {{Spavone}, M. and {Iodice}, E. and {Arnaboldi}, M. and {Gerhard}, O. and 
	{Saglia}, R. and {Longo}, G.},
    title = "{Metallicity of the Polar Disk in NGC4650A: Constraints for Cold Accretion Scenario}",
 keywords = {accretion, dark matter, luminescence, galaxies, Infall accretion and accretion disks, Dark matter, Magnitudes and colors, luminosities, Spiral galaxies},
booktitle = {American Institute of Physics Conference Series},
     year = 2010,
   series = {American Institute of Physics Conference Series},
   volume = 1240,
archivePrefix = "arXiv",
   eprint = {0912.2042},
 primaryClass = "astro-ph.CO",
   editor = {{Debattista}, V.~P. and {Popescu}, C.~C.},
    month = jun,
    pages = {173-174},
      doi = {10.1063/1.3458480},
   adsurl = {http://adsabs.harvard.edu/abs/2010AIPC.1240..173S},
  adsnote = {Provided by the SAO/NASA Astrophysics Data System}
}

@ARTICLE{tissera13,
   author = {{Tissera}, P.~B. and {Scannapieco}, C. and {Beers}, T.~C. and 
	{Carollo}, D.},
    title = "{Stellar haloes of simulated Milky-Way-like galaxies: chemical and kinematic properties}",
  journal = {\mnras},
archivePrefix = "arXiv",
   eprint = {1301.1301},
 primaryClass = "astro-ph.GA",
 keywords = {Galaxy: structure, galaxies: evolution, galaxies: formation, cosmology: theory},
     year = 2013,
    month = jul,
   volume = 432,
    pages = {3391-3400},
      doi = {10.1093/mnras/stt691},
   adsurl = {http://adsabs.harvard.edu/abs/2013MNRAS.432.3391T},
  adsnote = {Provided by the SAO/NASA Astrophysics Data System}
}

