

@ARTICLE{abazajian03,
   author = {{Abazajian}, K. and {Adelman-McCarthy}, J.~K. and {Ag{\"u}eros}, M.~A. and 
	{Allam}, S.~S. and {Anderson}, S.~F. and {Annis}, J. and {Bahcall}, N.~A. and 
	{Baldry}, I.~K. and {Bastian}, S. and {Berlind}, A. and {Bernardi}, M. and 
	{Blanton}, M.~R. and {Blythe}, N. and {Bochanski}, Jr., J.~J. and 
	{Boroski}, W.~N. and {Brewington}, H. and {Briggs}, J.~W. and 
	{Brinkmann}, J. and {Brunner}, R.~J. and {Budav{\'a}ri}, T. and 
	{Carey}, L.~N. and {Carr}, M.~A. and {Castander}, F.~J. and 
	{Chiu}, K. and {Collinge}, M.~J. and {Connolly}, A.~J. and {Covey}, K.~R. and 
	{Csabai}, I. and {Dalcanton}, J.~J. and {Dodelson}, S. and {Doi}, M. and 
	{Dong}, F. and {Eisenstein}, D.~J. and {Evans}, M.~L. and {Fan}, X. and 
	{Feldman}, P.~D. and {Finkbeiner}, D.~P. and {Friedman}, S.~D. and 
	{Frieman}, J.~A. and {Fukugita}, M. and {Gal}, R.~R. and {Gillespie}, B. and 
	{Glazebrook}, K. and {Gonzalez}, C.~F. and {Gray}, J. and {Grebel}, E.~K. and 
	{Grodnicki}, L. and {Gunn}, J.~E. and {Gurbani}, V.~K. and {Hall}, P.~B. and 
	{Hao}, L. and {Harbeck}, D. and {Harris}, F.~H. and {Harris}, H.~C. and 
	{Harvanek}, M. and {Hawley}, S.~L. and {Heckman}, T.~M. and 
	{Helmboldt}, J.~F. and {Hendry}, J.~S. and {Hennessy}, G.~S. and 
	{Hindsley}, R.~B. and {Hogg}, D.~W. and {Holmgren}, D.~J. and 
	{Holtzman}, J.~A. and {Homer}, L. and {Hui}, L. and {Ichikawa}, S.-i. and 
	{Ichikawa}, T. and {Inkmann}, J.~P. and {Ivezi{\'c}}, {\v Z}. and 
	{Jester}, S. and {Johnston}, D.~E. and {Jordan}, B. and {Jordan}, W.~P. and 
	{Jorgensen}, A.~M. and {Juri{\'c}}, M. and {Kauffmann}, G. and 
	{Kent}, S.~M. and {Kleinman}, S.~J. and {Knapp}, G.~R. and {Kniazev}, A.~Y. and 
	{Kron}, R.~G. and {Krzesi{\'n}ski}, J. and {Kunszt}, P.~Z. and 
	{Kuropatkin}, N. and {Lamb}, D.~Q. and {Lampeitl}, H. and {Laubscher}, B.~E. and 
	{Lee}, B.~C. and {Leger}, R.~F. and {Li}, N. and {Lidz}, A. and 
	{Lin}, H. and {Loh}, Y.-S. and {Long}, D.~C. and {Loveday}, J. and 
	{Lupton}, R.~H. and {Malik}, T. and {Margon}, B. and {McGehee}, P.~M. and 
	{McKay}, T.~A. and {Meiksin}, A. and {Miknaitis}, G.~A. and 
	{Moorthy}, B.~K. and {Munn}, J.~A. and {Murphy}, T. and {Nakajima}, R. and 
	{Narayanan}, V.~K. and {Nash}, T. and {Neilsen}, Jr., E.~H. and 
	{Newberg}, H.~J. and {Newman}, P.~R. and {Nichol}, R.~C. and 
	{Nicinski}, T. and {Nieto-Santisteban}, M. and {Nitta}, A. and 
	{Odenkirchen}, M. and {Okamura}, S. and {Ostriker}, J.~P. and 
	{Owen}, R. and {Padmanabhan}, N. and {Peoples}, J. and {Pier}, J.~R. and 
	{Pindor}, B. and {Pope}, A.~C. and {Quinn}, T.~R. and {Rafikov}, R.~R. and 
	{Raymond}, S.~N. and {Richards}, G.~T. and {Richmond}, M.~W. and 
	{Rix}, H.-W. and {Rockosi}, C.~M. and {Schaye}, J. and {Schlegel}, D.~J. and 
	{Schneider}, D.~P. and {Schroeder}, J. and {Scranton}, R. and 
	{Sekiguchi}, M. and {Seljak}, U. and {Sergey}, G. and {Sesar}, B. and 
	{Sheldon}, E. and {Shimasaku}, K. and {Siegmund}, W.~A. and 
	{Silvestri}, N.~M. and {Sinisgalli}, A.~J. and {Sirko}, E. and 
	{Smith}, J.~A. and {Smol{\v c}i{\'c}}, V. and {Snedden}, S.~A. and 
	{Stebbins}, A. and {Steinhardt}, C. and {Stinson}, G. and {Stoughton}, C. and 
	{Strateva}, I.~V. and {Strauss}, M.~A. and {SubbaRao}, M. and 
	{Szalay}, A.~S. and {Szapudi}, I. and {Szkody}, P. and {Tasca}, L. and 
	{Tegmark}, M. and {Thakar}, A.~R. and {Tremonti}, C. and {Tucker}, D.~L. and 
	{Uomoto}, A. and {Vanden Berk}, D.~E. and {Vandenberg}, J. and 
	{Vogeley}, M.~S. and {Voges}, W. and {Vogt}, N.~P. and {Walkowicz}, L.~M. and 
	{Weinberg}, D.~H. and {West}, A.~A. and {White}, S.~D.~M. and 
	{Wilhite}, B.~C. and {Willman}, B. and {Xu}, Y. and {Yanny}, B. and 
	{Yarger}, J. and {Yasuda}, N. and {Yip}, C.-W. and {Yocum}, D.~R. and 
	{York}, D.~G. and {Zakamska}, N.~L. and {Zehavi}, I. and {Zheng}, W. and 
	{Zibetti}, S. and {Zucker}, D.~B.},
    title = "{The First Data Release of the Sloan Digital Sky Survey}",
  journal = {\aj},
   eprint = {astro-ph/0305492},
 keywords = {Atlases, Catalogs, Surveys},
     year = 2003,
    month = oct,
   volume = 126,
    pages = {2081-2086},
      doi = {10.1086/378165},
   adsurl = {http://adsabs.harvard.edu/abs/2003AJ....126.2081A},
  adsnote = {Provided by the SAO/NASA Astrophysics Data System}
}
@ARTICLE{baldwin81,
   author = {{Baldwin}, J.~A. and {Phillips}, M.~M. and {Terlevich}, R.},
    title = "{Classification parameters for the emission-line spectra of extragalactic objects}",
  journal = {\pasp},
 keywords = {Astronomical Spectroscopy, Emission Spectra, Line Spectra, Quasars, Seyfert Galaxies, Classifications, H Ii Regions, Photoionization, Planetary Nebulae, Shock Heating},
     year = 1981,
    month = feb,
   volume = 93,
    pages = {5-19},
      doi = {10.1086/130766},
   adsurl = {http://adsabs.harvard.edu/abs/1981PASP...93....5B},
  adsnote = {Provided by the SAO/NASA Astrophysics Data System}
}

@INPROCEEDINGS{berentzen08,
   author = {{Berentzen}, I. and {Shlosman}, I. and {Mart{\'{\i}}nez-Valpuesta}, I. and 
	{Heller}, C.~H.},
    title = "{Gas Feedback and Angular Momentum Redistribution in Barred Galaxies within Dark Matter Halos}",
booktitle = {Pathways Through an Eclectic Universe},
     year = 2008,
   series = {Astronomical Society of the Pacific Conference Series},
   volume = 390,
   editor = {{Knapen}, J.~H. and {Mahoney}, T.~J. and {Vazdekis}, A.},
    month = jun,
    pages = {382},
   adsurl = {http://adsabs.harvard.edu/abs/2008ASPC..390..382B},
  adsnote = {Provided by the SAO/NASA Astrophysics Data System}
}

@ARTICLE{berg13,
   author = {{Berg}, D.~A. and {Skillman}, E.~D. and {Garnett}, D.~R. and 
	{Croxall}, K.~V. and {Marble}, A.~R. and {Smith}, J.~D. and 
	{Gordon}, K. and {Kennicutt}, Jr., R.~C.},
    title = "{New Radial Abundance Gradients for NGC 628 and NGC 2403}",
  journal = {\apj},
archivePrefix = "arXiv",
   eprint = {1309.0584},
 primaryClass = "astro-ph.CO",
 keywords = {galaxies: abundances, galaxies: evolution, galaxies: individual: NGC 628 NGC 2403, galaxies: spiral},
     year = 2013,
    month = oct,
   volume = 775,
      eid = {128},
    pages = {128},
      doi = {10.1088/0004-637X/775/2/128},
   adsurl = {http://adsabs.harvard.edu/abs/2013ApJ...775..128B},
  adsnote = {Provided by the SAO/NASA Astrophysics Data System}
}


@ARTICLE{cappellari13,
   author = {{Cappellari}, M. and {Scott}, N. and {Alatalo}, K. and {Blitz}, L. and 
	{Bois}, M. and {Bournaud}, F. and {Bureau}, M. and {Crocker}, A.~F. and 
	{Davies}, R.~L. and {Davis}, T.~A. and {de Zeeuw}, P.~T. and 
	{Duc}, P.-A. and {Emsellem}, E. and {Khochfar}, S. and {Krajnovi{\'c}}, D. and 
	{Kuntschner}, H. and {McDermid}, R.~M. and {Morganti}, R. and 
	{Naab}, T. and {Oosterloo}, T. and {Sarzi}, M. and {Serra}, P. and 
	{Weijmans}, A.-M. and {Young}, L.~M.},
    title = "{The ATLAS$^{3D}$ project - XV. Benchmark for early-type galaxies scaling relations from 260 dynamical models: mass-to-light ratio, dark matter, Fundamental Plane and Mass Plane}",
  journal = {\mnras},
archivePrefix = "arXiv",
   eprint = {1208.3522},
 primaryClass = "astro-ph.CO",
 keywords = {galaxies: elliptical and lenticular, cD, galaxies: evolution, galaxies: formation, galaxies: kinematics and dynamics, galaxies: structure},
     year = 2013,
    month = jul,
   volume = 432,
    pages = {1709-1741},
      doi = {10.1093/mnras/stt562},
   adsurl = {http://adsabs.harvard.edu/abs/2013MNRAS.432.1709C},
  adsnote = {Provided by the SAO/NASA Astrophysics Data System}
}


@ARTICLE{cappellari11,
   author = {{Cappellari}, M. and {Emsellem}, E. and {Krajnovi{\'c}}, D. and 
	{McDermid}, R.~M. and {Scott}, N. and {Verdoes Kleijn}, G.~A. and 
	{Young}, L.~M. and {Alatalo}, K. and {Bacon}, R. and {Blitz}, L. and 
	{Bois}, M. and {Bournaud}, F. and {Bureau}, M. and {Davies}, R.~L. and 
	{Davis}, T.~A. and {de Zeeuw}, P.~T. and {Duc}, P.-A. and {Khochfar}, S. and 
	{Kuntschner}, H. and {Lablanche}, P.-Y. and {Morganti}, R. and 
	{Naab}, T. and {Oosterloo}, T. and {Sarzi}, M. and {Serra}, P. and 
	{Weijmans}, A.-M.},
    title = "{The ATLAS$^{3D}$ project - I. A volume-limited sample of 260 nearby early-type galaxies: science goals and selection criteria}",
  journal = {\mnras},
archivePrefix = "arXiv",
   eprint = {1012.1551},
 primaryClass = "astro-ph.CO",
 keywords = {galaxies: distances and redshifts, galaxies: elliptical and lenticular, cD, galaxies: evolution, galaxies: formation, galaxies: kinematics and dynamics, galaxies: structure},
     year = 2011,
    month = may,
   volume = 413,
    pages = {813-836},
      doi = {10.1111/j.1365-2966.2010.18174.x},
   adsurl = {http://adsabs.harvard.edu/abs/2011MNRAS.413..813C},
  adsnote = {Provided by the SAO/NASA Astrophysics Data System}
}

@ARTICLE{cappellari06,
   author = {{Cappellari}, M. and {Bacon}, R. and {Bureau}, M. and {Damen}, M.~C. and 
	{Davies}, R.~L. and {de Zeeuw}, P.~T. and {Emsellem}, E. and 
	{Falc{\'o}n-Barroso}, J. and {Krajnovi{\'c}}, D. and {Kuntschner}, H. and 
	{McDermid}, R.~M. and {Peletier}, R.~F. and {Sarzi}, M. and 
	{van den Bosch}, R.~C.~E. and {van de Ven}, G.},
    title = "{The SAURON project - IV. The mass-to-light ratio, the virial mass estimator and the Fundamental Plane of elliptical and lenticular galaxies}",
  journal = {\mnras},
   eprint = {astro-ph/0505042},
 keywords = {galaxies: elliptical and lenticular, cD, galaxies: evolution, galaxies: formation, galaxies: kinematics and dynamics, galaxies: structure},
     year = 2006,
    month = mar,
   volume = 366,
    pages = {1126-1150},
      doi = {10.1111/j.1365-2966.2005.09981.x},
   adsurl = {http://adsabs.harvard.edu/abs/2006MNRAS.366.1126C},
  adsnote = {Provided by the SAO/NASA Astrophysics Data System}
}

@ARTICLE{combes13,
   author = {{Combes}, F.},
    title = "{Dark matter distribution and its impact on the evolution of galaxy disks }",
  journal = {Memorie della Societa Astronomica Italiana Supplementi},
archivePrefix = "arXiv",
   eprint = {1210.5124},
 primaryClass = "astro-ph.CO",
 keywords = {Galaxies: general, Galaxies: evolution, Galaxies: halos, Galaxies: kinematics and dynamics, Galaxies: spiral},
     year = 2013,
   volume = 25,
    pages = {45},
   adsurl = {http://adsabs.harvard.edu/abs/2013MSAIS..25...45C},
  adsnote = {Provided by the SAO/NASA Astrophysics Data System}
}

@ARTICLE{conroy12,
   author = {{Conroy}, C. and {van Dokkum}, P.~G.},
    title = "{The Stellar Initial Mass Function in Early-type Galaxies From Absorption Line Spectroscopy. II. Results}",
  journal = {\apj},
archivePrefix = "arXiv",
   eprint = {1205.6473},
 primaryClass = "astro-ph.CO",
 keywords = {galaxies: abundances, galaxies: elliptical and lenticular, cD, galaxies: stellar content},
     year = 2012,
    month = nov,
   volume = 760,
      eid = {71},
    pages = {71},
      doi = {10.1088/0004-637X/760/1/71},
   adsurl = {http://adsabs.harvard.edu/abs/2012ApJ...760...71C},
  adsnote = {Provided by the SAO/NASA Astrophysics Data System}
}

@ARTICLE{dicintio14,
   author = {{Di Cintio}, A. and {Brook}, C.~B. and {Macci{\`o}}, A.~V. and 
	{Stinson}, G.~S. and {Knebe}, A. and {Dutton}, A.~A. and {Wadsley}, J.
	},
    title = "{The dependence of dark matter profiles on the stellar-to-halo mass ratio: a prediction for cusps versus cores}",
  journal = {\mnras},
archivePrefix = "arXiv",
   eprint = {1306.0898},
 primaryClass = "astro-ph.CO",
 keywords = {hydrodynamics, galaxies: evolution, galaxies: formation, dark matter},
     year = 2014,
    month = jan,
   volume = 437,
    pages = {415-423},
      doi = {10.1093/mnras/stt1891},
   adsurl = {http://adsabs.harvard.edu/abs/2014MNRAS.437..415D},
  adsnote = {Provided by the SAO/NASA Astrophysics Data System}
}

@ARTICLE{dicintio14b,
   author = {{Di Cintio}, A. and {Brook}, C.~B. and {Dutton}, A.~A. and {Macci{\`o}}, A.~V. and 
	{Stinson}, G.~S. and {Knebe}, A.},
    title = "{A mass-dependent density profile for dark matter haloes including the influence of galaxy formation}",
  journal = {ArXiv e-prints},
archivePrefix = "arXiv",
   eprint = {1404.5959},
 keywords = {Astrophysics - Cosmology and Nongalactic Astrophysics, Astrophysics - Astrophysics of Galaxies},
     year = 2014,
    month = apr,
   adsurl = {http://adsabs.harvard.edu/abs/2014arXiv1404.5959D},
  adsnote = {Provided by the SAO/NASA Astrophysics Data System}
}

@ARTICLE{dutton10,
   author = {{Dutton}, A.~A. and {Conroy}, C. and {van den Bosch}, F.~C. and 
	{Prada}, F. and {More}, S.},
    title = "{The kinematic connection between galaxies and dark matter haloes}",
  journal = {\mnras},
archivePrefix = "arXiv",
   eprint = {1004.4626},
 primaryClass = "astro-ph.CO",
 keywords = {galaxies: elliptical and lenticular, cD, galaxies: fundamental parameters, galaxies: haloes, galaxies: kinematics and dynamics, galaxies: spiral},
     year = 2010,
    month = sep,
   volume = 407,
    pages = {2-16},
      doi = {10.1111/j.1365-2966.2010.16911.x},
   adsurl = {http://adsabs.harvard.edu/abs/2010MNRAS.407....2D},
  adsnote = {Provided by the SAO/NASA Astrophysics Data System}
}


@ARTICLE{fu13,
   author = {{Fu}, J. and {Kauffmann}, G. and {Huang}, M.-l. and {Yates}, R.~M. and 
	{Moran}, S. and {Heckman}, T.~M. and {Dav{\'e}}, R. and {Guo}, Q. and 
	{Henriques}, B.~M.~B.},
    title = "{Star formation and metallicity gradients in semi-analytic models of disc galaxy formation}",
  journal = {\mnras},
archivePrefix = "arXiv",
   eprint = {1303.5586},
 primaryClass = "astro-ph.CO",
 keywords = {stars: formation, ISM: atoms, ISM: molecules, galaxies: evolution, galaxies: formation, galaxies: ISM},
     year = 2013,
    month = sep,
   volume = 434,
    pages = {1531-1548},
      doi = {10.1093/mnras/stt1117},
   adsurl = {http://adsabs.harvard.edu/abs/2013MNRAS.434.1531F},
  adsnote = {Provided by the SAO/NASA Astrophysics Data System}
}

@ARTICLE{gibson13,
   author = {{Gibson}, B.~K. and {Pilkington}, K. and {Brook}, C.~B. and 
	{Stinson}, G.~S. and {Bailin}, J.},
    title = "{Constraining sub-grid physics with high-redshift spatially-resolved metallicity distributions}",
  journal = {\aap},
archivePrefix = "arXiv",
   eprint = {1304.3020},
 primaryClass = "astro-ph.GA",
 keywords = {galaxies: abundances, galaxies: evolution, galaxies: formation, Galaxy: disk},
     year = 2013,
    month = jun,
   volume = 554,
      eid = {A47},
    pages = {A47},
      doi = {10.1051/0004-6361/201321239},
   adsurl = {http://adsabs.harvard.edu/abs/2013A%26A...554A..47G},
  adsnote = {Provided by the SAO/NASA Astrophysics Data System}
}


@ARTICLE{goerdt10,
   author = {{Goerdt}, T. and {Moore}, B. and {Read}, J.~I. and {Stadel}, J.
	},
    title = "{Core Creation in Galaxies and Halos Via Sinking Massive Objects}",
  journal = {\apj},
archivePrefix = "arXiv",
   eprint = {0806.1951},
 keywords = {cosmology: theory, dark matter, galaxies: dwarf, galaxies: individual: VCC 128, methods: numerical},
     year = 2010,
    month = dec,
   volume = 725,
    pages = {1707-1716},
      doi = {10.1088/0004-637X/725/2/1707},
   adsurl = {http://adsabs.harvard.edu/abs/2010ApJ...725.1707G},
  adsnote = {Provided by the SAO/NASA Astrophysics Data System}
}


@ARTICLE{goetz92,
   author = {{Goetz}, M. and {Koeppen}, J.},
    title = "{On abundance gradients in spiral galaxies}",
  journal = {\aap},
 keywords = {Abundance, Chemical Evolution, Computational Astrophysics, Spiral Galaxies, Astronomical Models, Galactic Mass},
     year = 1992,
    month = sep,
   volume = 262,
    pages = {455-467},
   adsurl = {http://adsabs.harvard.edu/abs/1992A%26A...262..455G},
  adsnote = {Provided by the SAO/NASA Astrophysics Data System}
}

@ARTICLE{hague13,
   author = {{Hague}, P.~R. and {Wilkinson}, M.~I.},
    title = "{Dark matter in disc galaxies - I. A Markov Chain Monte Carlo method and application to DDO 154}",
  journal = {\mnras},
archivePrefix = "arXiv",
   eprint = {1304.1699},
 primaryClass = "astro-ph.GA",
 keywords = {methods: analytical, methods: statistical, galaxies: evolution, galaxies: formation, galaxies: structure, dark matter},
     year = 2013,
    month = aug,
   volume = 433,
    pages = {2314-2333},
      doi = {10.1093/mnras/stt899},
   adsurl = {http://adsabs.harvard.edu/abs/2013MNRAS.433.2314H},
  adsnote = {Provided by the SAO/NASA Astrophysics Data System}
}

@ARTICLE{haynes11,
   author = {{Haynes}, M.~P. and {Giovanelli}, R. and {Martin}, A.~M. and 
	{Hess}, K.~M. and {Saintonge}, A. and {Adams}, E.~A.~K. and 
	{Hallenbeck}, G. and {Hoffman}, G.~L. and {Huang}, S. and {Kent}, B.~R. and 
	{Koopmann}, R.~A. and {Papastergis}, E. and {Stierwalt}, S. and 
	{Balonek}, T.~J. and {Craig}, D.~W. and {Higdon}, S.~J.~U. and 
	{Kornreich}, D.~A. and {Miller}, J.~R. and {O'Donoghue}, A.~A. and 
	{Olowin}, R.~P. and {Rosenberg}, J.~L. and {Spekkens}, K. and 
	{Troischt}, P. and {Wilcots}, E.~M.},
    title = "{The Arecibo Legacy Fast ALFA Survey: The {$\alpha$}.40 H I Source Catalog, Its Characteristics and Their Impact on the Derivation of the H I Mass Function}",
  journal = {\aj},
archivePrefix = "arXiv",
   eprint = {1109.0027},
 primaryClass = "astro-ph.CO",
 keywords = {catalogs, galaxies: distances and redshifts, galaxies: luminosity function, mass function, galaxies: spiral, radio lines: galaxies, surveys},
     year = 2011,
    month = nov,
   volume = 142,
      eid = {170},
    pages = {170},
      doi = {10.1088/0004-6256/142/5/170},
   adsurl = {http://adsabs.harvard.edu/abs/2011AJ....142..170H},
  adsnote = {Provided by the SAO/NASA Astrophysics Data System}
}



@ARTICLE{jones13,
   author = {{Jones}, T. and {Ellis}, R.~S. and {Richard}, J. and {Jullo}, E.
	},
    title = "{The Origin and Evolution of Metallicity Gradients: Probing the Mode of Mass Assembly at z \~{}= 2}",
  journal = {\apj},
archivePrefix = "arXiv",
   eprint = {1207.4489},
 primaryClass = "astro-ph.CO",
 keywords = {galaxies: abundances, galaxies: evolution, galaxies: high-redshift },
     year = 2013,
    month = mar,
   volume = 765,
      eid = {48},
    pages = {48},
      doi = {10.1088/0004-637X/765/1/48},
   adsurl = {http://adsabs.harvard.edu/abs/2013ApJ...765...48J},
  adsnote = {Provided by the SAO/NASA Astrophysics Data System}
}

@ARTICLE{kauffmann03,
   author = {{Kauffmann}, G. and {Heckman}, T.~M. and {Tremonti}, C. and 
	{Brinchmann}, J. and {Charlot}, S. and {White}, S.~D.~M. and 
	{Ridgway}, S.~E. and {Brinkmann}, J. and {Fukugita}, M. and 
	{Hall}, P.~B. and {Ivezi{\'c}}, {\v Z}. and {Richards}, G.~T. and 
	{Schneider}, D.~P.},
    title = "{The host galaxies of active galactic nuclei}",
  journal = {\mnras},
   eprint = {astro-ph/0304239},
 keywords = {galaxies: active, galaxies: Seyfert, galaxies: starburst, galaxies: stellar content, galaxies: structure},
     year = 2003,
    month = dec,
   volume = 346,
    pages = {1055-1077},
      doi = {10.1111/j.1365-2966.2003.07154.x},
   adsurl = {http://adsabs.harvard.edu/abs/2003MNRAS.346.1055K},
  adsnote = {Provided by the SAO/NASA Astrophysics Data System}
}

@ARTICLE{kennicutt94,
   author = {{Kennicutt}, Jr., R.~C. and {Tamblyn}, P. and {Congdon}, C.~E.
	},
    title = "{Past and future star formation in disk galaxies}",
  journal = {\apj},
 keywords = {Astronomical Models, Galactic Evolution, Spiral Galaxies, Star Formation, Stellar Luminosity, Time Measurement, Ultraviolet Spectra, Astronomical Photometry, H Alpha Line, Stellar Mass, Ultraviolet Astronomy},
     year = 1994,
    month = nov,
   volume = 435,
    pages = {22-36},
      doi = {10.1086/174790},
   adsurl = {http://adsabs.harvard.edu/abs/1994ApJ...435...22K},
  adsnote = {Provided by the SAO/NASA Astrophysics Data System}
}

@ARTICLE{kewley01,
   author = {{Kewley}, L.~J. and {Dopita}, M.~A. and {Sutherland}, R.~S. and 
	{Heisler}, C.~A. and {Trevena}, J.},
    title = "{Theoretical Modeling of Starburst Galaxies}",
  journal = {\apj},
   eprint = {astro-ph/0106324},
 keywords = {Galaxies: Starburst, Radiation Mechanisms: Thermal},
     year = 2001,
    month = jul,
   volume = 556,
    pages = {121-140},
      doi = {10.1086/321545},
   adsurl = {http://adsabs.harvard.edu/abs/2001ApJ...556..121K},
  adsnote = {Provided by the SAO/NASA Astrophysics Data System}
}


@ARTICLE{lopez-sanchez12,
   author = {{L{\'o}pez-S{\'a}nchez}, {\'A}.~R. and {Dopita}, M.~A. and {Kewley}, L.~J. and 
	{Zahid}, H.~J. and {Nicholls}, D.~C. and {Scharw{\"a}chter}, J.
	},
    title = "{Eliminating error in the chemical abundance scale for extragalactic H II regions}",
  journal = {\mnras},
archivePrefix = "arXiv",
   eprint = {1203.5021},
 primaryClass = "astro-ph.CO",
 keywords = {methods: data analysis, techniques: spectroscopic, ISM: abundances, H II regions, galaxies: abundances},
     year = 2012,
    month = nov,
   volume = 426,
    pages = {2630-2651},
      doi = {10.1111/j.1365-2966.2012.21145.x},
   adsurl = {http://adsabs.harvard.edu/abs/2012MNRAS.426.2630L},
  adsnote = {Provided by the SAO/NASA Astrophysics Data System}
}


@ARTICLE{moran12,
   author = {{Moran}, S.~M. and {Heckman}, T.~M. and {Kauffmann}, G. and 
	{Dav{\'e}}, R. and {Catinella}, B. and {Brinchmann}, J. and 
	{Wang}, J. and {Schiminovich}, D. and {Saintonge}, A. and {Gracia-Carpio}, J. and 
	{Tacconi}, L. and {Giovanelli}, R. and {Haynes}, M. and {Fabello}, S. and 
	{Hummels}, C. and {Lemonias}, J. and {Wu}, R.},
    title = "{The GALEX Arecibo SDSS Survey. V. The Relation between the H I Content of Galaxies and Metal Enrichment at Their Outskirts}",
  journal = {\apj},
archivePrefix = "arXiv",
   eprint = {1112.1084},
 primaryClass = "astro-ph.CO",
 keywords = {galaxies: evolution, galaxies: ISM, galaxies: star formation, galaxies: stellar content},
     year = 2012,
    month = jan,
   volume = 745,
      eid = {66},
    pages = {66},
      doi = {10.1088/0004-637X/745/1/66},
   adsurl = {http://adsabs.harvard.edu/abs/2012ApJ...745...66M},
  adsnote = {Provided by the SAO/NASA Astrophysics Data System}
}


@ARTICLE{martel13,
   author = {{Martel}, H. and {Kawata}, D. and {Ellison}, S.~L.},
    title = "{The connection between star formation and metallicity evolution in barred spiral galaxies}",
  journal = {\mnras},
archivePrefix = "arXiv",
   eprint = {1302.6211},
 primaryClass = "astro-ph.CO",
 keywords = {ISM: abundances, galaxies: evolution, galaxies: spiral, stars: formation},
     year = 2013,
    month = may,
   volume = 431,
    pages = {2560-2575},
      doi = {10.1093/mnras/stt354},
   adsurl = {http://adsabs.harvard.edu/abs/2013MNRAS.431.2560M},
  adsnote = {Provided by the SAO/NASA Astrophysics Data System}
}

@ARTICLE{martizzi13,
   author = {{Martizzi}, D. and {Teyssier}, R. and {Moore}, B.},
    title = "{Cusp-core transformations induced by AGN feedback in the progenitors of cluster galaxies}",
  journal = {\mnras},
archivePrefix = "arXiv",
   eprint = {1211.2648},
 primaryClass = "astro-ph.CO",
 keywords = {black hole physics, methods: numerical- galaxies: clusters: general, galaxies: formation, cosmology: theory, large-scale structure of Universe},
     year = 2013,
    month = jul,
   volume = 432,
    pages = {1947-1954},
      doi = {10.1093/mnras/stt297},
   adsurl = {http://adsabs.harvard.edu/abs/2013MNRAS.432.1947M},
  adsnote = {Provided by the SAO/NASA Astrophysics Data System}
}

@ARTICLE{mott13,
   author = {{Mott}, A. and {Spitoni}, E. and {Matteucci}, F.},
    title = "{Abundance gradients in spiral discs: is the gradient inversion at high redshift real?}",
  journal = {\mnras},
archivePrefix = "arXiv",
   eprint = {1308.1549},
 primaryClass = "astro-ph.GA",
 keywords = {Galaxy: evolution},
     year = 2013,
    month = nov,
   volume = 435,
    pages = {2918-2930},
      doi = {10.1093/mnras/stt1495},
   adsurl = {http://adsabs.harvard.edu/abs/2013MNRAS.435.2918M},
  adsnote = {Provided by the SAO/NASA Astrophysics Data System}
}


@ARTICLE{portinari10,
   author = {{Portinari}, L. and {Salucci}, P.},
    title = "{The structure of spiral galaxies: radial profiles in stellar mass-to-light ratio and the dark matter distribution}",
  journal = {\aap},
archivePrefix = "arXiv",
   eprint = {0904.4098},
 primaryClass = "astro-ph.CO",
 keywords = {galaxies: evolution, galaxies: spiral, dark matter},
     year = 2010,
    month = oct,
   volume = 521,
      eid = {A82},
    pages = {A82},
      doi = {10.1051/0004-6361/200811444},
   adsurl = {http://adsabs.harvard.edu/abs/2010A%26A...521A..82P},
  adsnote = {Provided by the SAO/NASA Astrophysics Data System}
}

@ARTICLE{sanchez14,
   author = {{S{\'a}nchez}, S.~F. and {Rosales-Ortega}, F.~F. and {Iglesias-P{\'a}ramo}, J. and 
	{Moll{\'a}}, M. and {Barrera-Ballesteros}, J. and {Marino}, R.~A. and 
	{P{\'e}rez}, E. and {S{\'a}nchez-Blazquez}, P. and {Gonz{\'a}lez Delgado}, R. and 
	{Cid Fernandes}, R. and {de Lorenzo-C{\'a}ceres}, A. and {Mendez-Abreu}, J. and 
	{Galbany}, L. and {Falcon-Barroso}, J. and {Miralles-Caballero}, D. and 
	{Husemann}, B. and {Garc{\'{\i}}a-Benito}, R. and {Mast}, D. and 
	{Walcher}, C.~J. and {Gil de Paz}, A. and {Garc{\'{\i}}a-Lorenzo}, B. and 
	{Jungwiert}, B. and {V{\'{\i}}lchez}, J.~M. and {J{\'{\i}}lkov{\'a}}, L. and 
	{Lyubenova}, M. and {Cortijo-Ferrero}, C. and {D{\'{\i}}az}, A.~I. and 
	{Wisotzki}, L. and {M{\'a}rquez}, I. and {Bland-Hawthorn}, J. and 
	{Ellis}, S. and {van de Ven}, G. and {Jahnke}, K. and {Papaderos}, P. and 
	{Gomes}, J.~M. and {Mendoza}, M.~A. and {L{\'o}pez-S{\'a}nchez}, {\'A}.~R.
	},
    title = "{A characteristic oxygen abundance gradient in galaxy disks unveiled with CALIFA}",
  journal = {\aap},
archivePrefix = "arXiv",
   eprint = {1311.7052},
 primaryClass = "astro-ph.CO",
 keywords = {HII regions, galaxies: ISM, ISM: abundances, galaxies: abundances, galaxies: evolution, galaxies: star formation},
     year = 2014,
    month = mar,
   volume = 563,
      eid = {A49},
    pages = {A49},
      doi = {10.1051/0004-6361/201322343},
   adsurl = {http://adsabs.harvard.edu/abs/2014A%26A...563A..49S},
  adsnote = {Provided by the SAO/NASA Astrophysics Data System}
}

@ARTICLE{sanchez12,
   author = {{S{\'a}nchez}, S.~F. and {Kennicutt}, R.~C. and {Gil de Paz}, A. and 
	{van de Ven}, G. and {V{\'{\i}}lchez}, J.~M. and {Wisotzki}, L. and 
	{Walcher}, C.~J. and {Mast}, D. and {Aguerri}, J.~A.~L. and 
	{Albiol-P{\'e}rez}, S. and {Alonso-Herrero}, A. and {Alves}, J. and 
	{Bakos}, J. and {Bart{\'a}kov{\'a}}, T. and {Bland-Hawthorn}, J. and 
	{Boselli}, A. and {Bomans}, D.~J. and {Castillo-Morales}, A. and 
	{Cortijo-Ferrero}, C. and {de Lorenzo-C{\'a}ceres}, A. and {Del Olmo}, A. and 
	{Dettmar}, R.-J. and {D{\'{\i}}az}, A. and {Ellis}, S. and {Falc{\'o}n-Barroso}, J. and 
	{Flores}, H. and {Gallazzi}, A. and {Garc{\'{\i}}a-Lorenzo}, B. and 
	{Gonz{\'a}lez Delgado}, R. and {Gruel}, N. and {Haines}, T. and 
	{Hao}, C. and {Husemann}, B. and {Igl{\'e}sias-P{\'a}ramo}, J. and 
	{Jahnke}, K. and {Johnson}, B. and {Jungwiert}, B. and {Kalinova}, V. and 
	{Kehrig}, C. and {Kupko}, D. and {L{\'o}pez-S{\'a}nchez}, {\'A}.~R. and 
	{Lyubenova}, M. and {Marino}, R.~A. and {M{\'a}rmol-Queralt{\'o}}, E. and 
	{M{\'a}rquez}, I. and {Masegosa}, J. and {Meidt}, S. and {Mendez-Abreu}, J. and 
	{Monreal-Ibero}, A. and {Montijo}, C. and {Mour{\~a}o}, A.~M. and 
	{Palacios-Navarro}, G. and {Papaderos}, P. and {Pasquali}, A. and 
	{Peletier}, R. and {P{\'e}rez}, E. and {P{\'e}rez}, I. and {Quirrenbach}, A. and 
	{Rela{\~n}o}, M. and {Rosales-Ortega}, F.~F. and {Roth}, M.~M. and 
	{Ruiz-Lara}, T. and {S{\'a}nchez-Bl{\'a}zquez}, P. and {Sengupta}, C. and 
	{Singh}, R. and {Stanishev}, V. and {Trager}, S.~C. and {Vazdekis}, A. and 
	{Viironen}, K. and {Wild}, V. and {Zibetti}, S. and {Ziegler}, B.
	},
    title = "{CALIFA, the Calar Alto Legacy Integral Field Area survey. I. Survey presentation}",
  journal = {\aap},
archivePrefix = "arXiv",
   eprint = {1111.0962},
 primaryClass = "astro-ph.CO",
 keywords = {techniques: spectroscopic, galaxies: active, galaxies: evolution, surveys, galaxies: ISM, galaxies: stellar content},
     year = 2012,
    month = feb,
   volume = 538,
      eid = {A8},
    pages = {A8},
      doi = {10.1051/0004-6361/201117353},
   adsurl = {http://adsabs.harvard.edu/abs/2012A%26A...538A...8S},
  adsnote = {Provided by the SAO/NASA Astrophysics Data System}
}


@ARTICLE{sanchez12b,
   author = {{S{\'a}nchez}, S.~F. and {Rosales-Ortega}, F.~F. and {Marino}, R.~A. and 
	{Iglesias-P{\'a}ramo}, J. and {V{\'{\i}}lchez}, J.~M. and {Kennicutt}, R.~C. and 
	{D{\'{\i}}az}, A.~I. and {Mast}, D. and {Monreal-Ibero}, A. and 
	{Garc{\'{\i}}a-Benito}, R. and {Bland-Hawthorn}, J. and {P{\'e}rez}, E. and 
	{Gonz{\'a}lez Delgado}, R. and {Husemann}, B. and {L{\'o}pez-S{\'a}nchez}, {\'A}.~R. and 
	{Cid Fernandes}, R. and {Kehrig}, C. and {Walcher}, C.~J. and 
	{Gil de Paz}, A. and {Ellis}, S.},
    title = "{Integral field spectroscopy of a sample of nearby galaxies. II. Properties of the H ii regions}",
  journal = {\aap},
archivePrefix = "arXiv",
   eprint = {1208.1117},
 primaryClass = "astro-ph.CO",
 keywords = {galaxies: ISM, galaxies: spiral, galaxies: evolution, galaxies: star formation, galaxies: fundamental parameters, galaxies: abundances},
     year = 2012,
    month = oct,
   volume = 546,
      eid = {A2},
    pages = {A2},
      doi = {10.1051/0004-6361/201219578},
   adsurl = {http://adsabs.harvard.edu/abs/2012A%26A...546A...2S},
  adsnote = {Provided by the SAO/NASA Astrophysics Data System}
}

@INPROCEEDINGS{spavone10,
   author = {{Spavone}, M. and {Iodice}, E. and {Arnaboldi}, M. and {Gerhard}, O. and 
	{Saglia}, R. and {Longo}, G.},
    title = "{Metallicity of the Polar Disk in NGC4650A: Constraints for Cold Accretion Scenario}",
 keywords = {accretion, dark matter, luminescence, galaxies, Infall accretion and accretion disks, Dark matter, Magnitudes and colors, luminosities, Spiral galaxies},
booktitle = {American Institute of Physics Conference Series},
     year = 2010,
   series = {American Institute of Physics Conference Series},
   volume = 1240,
archivePrefix = "arXiv",
   eprint = {0912.2042},
 primaryClass = "astro-ph.CO",
   editor = {{Debattista}, V.~P. and {Popescu}, C.~C.},
    month = jun,
    pages = {173-174},
      doi = {10.1063/1.3458480},
   adsurl = {http://adsabs.harvard.edu/abs/2010AIPC.1240..173S},
  adsnote = {Provided by the SAO/NASA Astrophysics Data System}
}


@ARTICLE{stasinska06,
   author = {{Stasi{\'n}ska}, G.},
    title = "{[Ar III]/[O III] and [S III]/[O III]: well-behaved oxygen abundance indicators for HII regions and star forming galaxies}",
  journal = {\aap},
   eprint = {astro-ph/0606455},
 keywords = {galaxies: abundances, galaxies: ISM, ISM: abundances, ISM: HII regions},
     year = 2006,
    month = aug,
   volume = 454,
    pages = {L127-L130},
      doi = {10.1051/0004-6361:20065516},
   adsurl = {http://adsabs.harvard.edu/abs/2006A%26A...454L.127S},
  adsnote = {Provided by the SAO/NASA Astrophysics Data System}
}


@ARTICLE{teyssier13,
   author = {{Teyssier}, R. and {Pontzen}, A. and {Dubois}, Y. and {Read}, J.~I.
	},
    title = "{Cusp-core transformations in dwarf galaxies: observational predictions}",
  journal = {\mnras},
archivePrefix = "arXiv",
   eprint = {1206.4895},
 primaryClass = "astro-ph.CO",
 keywords = {galaxies: dwarf, ISM: structure, methods: numerical, dark matter},
     year = 2013,
    month = mar,
   volume = 429,
    pages = {3068-3078},
      doi = {10.1093/mnras/sts563},
   adsurl = {http://adsabs.harvard.edu/abs/2013MNRAS.429.3068T},
  adsnote = {Provided by the SAO/NASA Astrophysics Data System}
}

@ARTICLE{tissera13,
   author = {{Tissera}, P.~B. and {Scannapieco}, C. and {Beers}, T.~C. and 
	{Carollo}, D.},
    title = "{Stellar haloes of simulated Milky-Way-like galaxies: chemical and kinematic properties}",
  journal = {\mnras},
archivePrefix = "arXiv",
   eprint = {1301.1301},
 primaryClass = "astro-ph.GA",
 keywords = {Galaxy: structure, galaxies: evolution, galaxies: formation, cosmology: theory},
     year = 2013,
    month = jul,
   volume = 432,
    pages = {3391-3400},
      doi = {10.1093/mnras/stt691},
   adsurl = {http://adsabs.harvard.edu/abs/2013MNRAS.432.3391T},
  adsnote = {Provided by the SAO/NASA Astrophysics Data System}
}

@ARTICLE{tremonti04,
   author = {{Tremonti}, C.~A. and {Heckman}, T.~M. and {Kauffmann}, G. and 
	{Brinchmann}, J. and {Charlot}, S. and {White}, S.~D.~M. and 
	{Seibert}, M. and {Peng}, E.~W. and {Schlegel}, D.~J. and {Uomoto}, A. and 
	{Fukugita}, M. and {Brinkmann}, J.},
    title = "{The Origin of the Mass-Metallicity Relation: Insights from 53,000 Star-forming Galaxies in the Sloan Digital Sky Survey}",
  journal = {\apj},
   eprint = {astro-ph/0405537},
 keywords = {Galaxies: Abundances, Galaxies: Evolution, Galaxies: Fundamental Parameters, Galaxies: Statistics},
     year = 2004,
    month = oct,
   volume = 613,
    pages = {898-913},
      doi = {10.1086/423264},
   adsurl = {http://adsabs.harvard.edu/abs/2004ApJ...613..898T},
  adsnote = {Provided by the SAO/NASA Astrophysics Data System}
}
