
@ARTICLE{lindner:vera-ciro:murray:stanimirovic:2014,
    AUTHOR = {{Lindner}, R.~R. and {Vera-Ciro}, C. and {Murray}, C.~E. and 
	{Stanimirovi{\'c}}, S. and {Babler}, B.~L. and {Heiles}, C. and 
	{Hennebelle}, P. and {Goss}, W.~M. and {Dickey}, J.},
     TITLE = "{Autonomous Gaussian Decomposition}",
     JOURNAL = {ArXiv e-prints},
     YEAR = {2014},
     VOLUME = {},
     PAGES = {},
}

@ARTICLE{chartrand:2011,
  AUTHOR = {Chartrand, Rick},
  TITLE = {Numerical differentiation of noisy, nonsmooth data},
  JOURNAL = {ISRN Applied Mathematics},
  VOLUME = {2011},
  YEAR = {2011},
  PAGES = {11},
}

@ARTICLE{yeow:azali:ow:wong:2005,
  AUTHOR = {Yeow, Y Leong and Azali, Safura and Ow, S Yen and Wong, May CL and Leong, Yee-Kwong},
  TITLE = {Evaluating the third and fourth derivatives of spectral data},
  JOURNAL = {Talanta},
  YEAR = {2005},
  VOLUME = {68},
  PAGES = {156--164},
}




